@article{overview,
  title={{Overview of candidate device technologies for storage-class memory}},
  author={Burr, Geoffrey W. and Kurdi, B{\"u}lent N. and Scott, J. Campbell and Lam, Chung Hon and Gopalakrishnan, Kailash and Shenoy, Rohit S.},
  journal={IBM Journal of Research and Development},
  volume={52},
  number={4.5},
  pages={449--464},
  year={2008},
  publisher={IBM}
}
@inproceedings{chen,
  author    = {Shimin Chen and
               Phillip B. Gibbons and
               Suman Nath},
  title     = {{Rethinking Database Algorithms for Phase Change Memory}},
  booktitle = {CIDR},
  year      = {2011},
  pages     = {21-31},
  ee        = {http://www.cidrdb.org/cidr2011/Papers/CIDR11_Paper3.pdf},
  crossref  = {DBLP:conf/cidr/2011},
  bibsource = {DBLP, http://dblp.uni-trier.de}
}
@inproceedings{qureshi,
 author = {Qureshi, Moinuddin K. and Srinivasan, Vijayalakshmi and Rivers, Jude A.},
 title = {Scalable High Performance Main Memory System Using Phase-change Memory Technology},
 booktitle = {Proceedings of the 36th Annual International Symposium on Computer Architecture},
 series = {ISCA '09},
 year = {2009},
 isbn = {978-1-60558-526-0},
 location = {Austin, TX, USA},
 pages = {24--33},
 numpages = {10},
 url = {http://doi.acm.org/10.1145/1555754.1555760},
 doi = {10.1145/1555754.1555760},
 acmid = {1555760},
 publisher = {ACM},
 address = {New York, NY, USA},
 keywords = {dram caching, phase change memory, wear leveling}
} 
@article{viglas,
  title={Write-limited sorts and joins for persistent memory},
  author={Viglas, Stratis D},
  journal={Proceedings of the VLDB Endowment},
  volume={7},
  number={5},
  year={2014}
}
@MastersThesis{abhimanyu,
author = {Singh, Abhimanyu},
title = {{Algorithms for PCM-Database Operators}},
school = {Indian Institute of Science},
year = {2013},
address = {https://dsl.serc.iisc.ernet.in/publications/thesis/abhimanyu.pdf}
}

@inproceedings{vamsi,
  title={{A Write Efficient PCM-Aware Sort}},
  author={Vamsikrishna, Meduri Venkata and Su, Zhan and Tan, Kian-Lee},
  booktitle={Database and Expert Systems Applications},
  pages={86--100},
  year={2012},
  organization={Springer}
}
@Misc{ibm,
OPTkey = {•},
OPTauthor = {•},
title = {{IBM demonstrates next-gen phase-change memory that’s up to 275 times faster than your SSD}},
howpublished = {http://www.extremetech.com/extreme/182096-ibm-demonstrates-next-gen-phase-change-memory-thats-up-to-275-times-faster-than-your-ssd},
month = {May},
year = {2014},
OPTnote = {•},
OPTannote = {•}
}
@inproceedings{graefe,
  title={Query processing techniques for solid state drives},
  author={Tsirogiannis, Dimitris and Harizopoulos, Stavros and Shah, Mehul A and Wiener, Janet L and Graefe, Goetz},
  booktitle={Proceedings of the 2009 ACM SIGMOD International Conference on Management of data},
  pages={59--72},
  year={2009},
  organization={ACM}
}
@inproceedings{patel,
  title={{Join processing for flash SSDs: remembering past lessons}},
  author={Do, Jaeyoung and Patel, Jignesh M},
  booktitle={Proceedings of the Fifth International Workshop on Data Management on New Hardware},
  pages={1--8},
  year={2009},
  organization={ACM}
}

@inproceedings{multi2sim,
	author = { Ubal, Rafael and Jang, Byunghyun and Mistry, Perhaad and Schaa,
		Dana and Kaeli, David },
	title = {{ Multi2Sim: A Simulation Framework for CPU-GPU Computing }},
	booktitle = { Proc. of the 21st International Conference on Parallel
		Architectures and Compilation Techniques },
	month = { Sep. },
	year = { 2012 }
}
@incollection{swaps,
  title={Average case analysis of Java 7’s dual pivot quicksort},
  author={Wild, Sebastian and Nebel, Markus E},
  booktitle={Algorithms--ESA 2012},
  pages={825--836},
  year={2012},
  publisher={Springer}
}

@inproceedings{write,
  title={A low power phase-change random access memory using a data-comparison write scheme},
  author={Yang, Byung-Do and Lee, Jae-Eun and Kim, Jang-Su and Cho, Junghyun and Lee, Seung-Yun and Yu, Byoung-Gon},
  booktitle={Circuits and Systems, 2007. ISCAS 2007. IEEE International Symposium on},
  pages={3014--3017},
  year={2007},
  organization={IEEE}
}
